@article{tang2024lgm,
    title={LGM: Large Multi-View Gaussian Model for High-Resolution 3D Content Creation},
    author={Tang, Jiaxiang and Chen, Zhaoxi and Chen, Xiaokang and Wang, Tengfei and Zeng, Gang and Liu, Ziwei},
    journal={arXiv preprint arXiv:2402.05054},
    year={2024}
}

@misc{xie2024lrmzero,
    title={LRM-Zero: Training Large Reconstruction Models with Synthesized Data}, 
    author={Desai Xie and Sai Bi and Zhixin Shu and Kai Zhang and Zexiang Xu and Yi Zhou and SÃ¶ren Pirk and Arie Kaufman and Xin Sun and Hao Tan},
    year={2024},
    eprint={2406.09371},
    archivePrefix={arXiv},
    primaryClass={id='cs.CV' full_name='Computer Vision and Pattern Recognition' is_active=True alt_name=None in_archive='cs' is_general=False description='Covers image processing, computer vision, pattern recognition, and scene understanding. Roughly includes material in ACM Subject Classes I.2.10, I.4, and I.5.'}
}

@article{chen2024mvsplat,
    title   = {MVSplat: Efficient 3D Gaussian Splatting from Sparse Multi-View Images},
    author  = {Chen, Yuedong and Xu, Haofei and Zheng, Chuanxia and Zhuang, Bohan and Pollefeys, Marc and Geiger, Andreas and Cham, Tat-Jen and Cai, Jianfei},
    journal = {arXiv preprint arXiv:2403.14627},
    year    = {2024},
}

@article{zhang2024geolrm,
    title={GeoLRM: Geometry-Aware Large Reconstruction Model for High-Quality 3D Gaussian Generation},
    author={Chubin Zhang and Hongliang Song and Yi Wei and Yu Chen and Jiwen Lu and Yansong Tang},
    journal={arXiv preprint arXiv:2406.15333},
    year={2024}
}
